@Article{grayson,
  author =       {Daniel R. Grayson},
  title =        {An introduction to univalent foundations for mathematicians},
  journal =      {Bull. Amer. Math. Soc.},
  year =         2018,
  note =      {\url{https://doi.org/10.1090/bull/1616}}}

@misc{kapulkin:lumsdaine,
Author = {Chris Kapulkin and Peter LeFanu Lumsdaine},
Title = {The Simplicial Model of Univalent Foundations (after {V}oevodsky)},
Year = 2012,
note = {arXiv:1211.2851},
}

@misc{kapulkin:lumsdaine:voevodsky,
Author = {Chris Kapulkin and Peter LeFanu Lumsdaine and Vladimir Voevodsky},
Title = {The Simplicial Model of Univalent Foundations},
Year = 2012,
note = {arXiv:1203.2553},
}

@Book{hottbook,
  author =    {The {Univalent Foundations Program}},
  title =     {Homotopy Type Theory: Univalent Foundations of Mathematics},
  publisher = {\url{https://homotopytypetheory.org/book}},
  address =   {Institute for Advanced Study},
  year =      2013
}

@incollection {MR1686864,
    AUTHOR = {Martin-L\"of, Per},
     TITLE = {An intuitionistic theory of types},
 BOOKTITLE = {Twenty-five years of constructive type theory ({V}enice,
              1995)},
    SERIES = {Oxford Logic Guides},
    VOLUME = {36},
     PAGES = {127--172},
 PUBLISHER = {Oxford Univ. Press, New York},
      YEAR = {1998},
}

@article {MR0387009,
    AUTHOR = {Martin-L\"of, Per},
     TITLE = {An intuitionistic theory of types: predicative part},
 BOOKTITLE = {Logic {C}olloquium '73 ({B}ristol, 1973)},
     PAGES = {73--118. Studies in Logic and the Foundations of Mathematics,
              Vol. 80},
 PUBLISHER = {North-Holland, Amsterdam},
      YEAR = {1975},
}

@incollection {MR1686862,
    AUTHOR = {Hofmann, Martin and Streicher, Thomas},
     TITLE = {The groupoid interpretation of type theory},
 BOOKTITLE = {Twenty-five years of constructive type theory ({V}enice,
              1995)},
    SERIES = {Oxford Logic Guides},
    VOLUME = 36,
     PAGES = {83--111},
 PUBLISHER = {Oxford Univ. Press, New York},
      YEAR = 1998
}

@article {unimath,
    AUTHOR = {Voevodsky, Vladimir},
     TITLE = {An experimental library of formalized mathematics based on the
              univalent foundations},
   JOURNAL = {Math. Structures Comput. Sci.},
     VOLUME = {25},
      YEAR = {2015},
    NUMBER = {5},
     PAGES = {1278--1294},
 }

@Misc{shulman:e46,
  author = 	 {Michael Shulman},
  title = 	 {Solution to {E}xercise 4.6 (in pure {MLTT})},
  month = 	 {March},
  year = 	 2018,
  note = 	 {\newline\url{https://github.com/HoTT/HoTT/commit/531bc5865089cb8b32a0c49d0f9bf220f811a292}}}

@Misc{escardo:ufs,
  author =    {Mart\'{\i}n H\"otzel Escard\'o},
  title =     {Univalence from Scratch in {A}gda},
  year =      2018,
  month = {February},
  note =      {\url{https://arxiv.org/src/1803.02294v1/anc/UnivalenceFromScratch.lagda}}}

