@misc{grayson,
Author = {Daniel R. Grayson},
Title = {An introduction to univalent foundations for mathematicians},
Year = 2017,
note = {arXiv:1711.01477},
}

@Book{hottbook,
  author =    {The {Univalent Foundations Program}},
  title =     {Homotopy Type Theory: Univalent Foundations of Mathematics},
  publisher = {\url{https://homotopytypetheory.org/book}},
  address =   {Institute for Advanced Study},
  year =      2013
}

@incollection {MR682410,
    AUTHOR = {Martin-L\"of, Per},
     TITLE = {Constructive mathematics and computer programming},
 BOOKTITLE = {Logic, methodology and philosophy of science, {VI}
              ({H}annover, 1979)},
    SERIES = {Stud. Logic Found. Math.},
    VOLUME = 104,
     PAGES = {153--175},
 PUBLISHER = {North-Holland, Amsterdam},
      YEAR = 1982,
}

@incollection {MR1686862,
    AUTHOR = {Hofmann, Martin and Streicher, Thomas},
     TITLE = {The groupoid interpretation of type theory},
 BOOKTITLE = {Twenty-five years of constructive type theory ({V}enice,
              1995)},
    SERIES = {Oxford Logic Guides},
    VOLUME = 36,
     PAGES = {83--111},
 PUBLISHER = {Oxford Univ. Press, New York},
      YEAR = 1998,
}

@article {unimath,
    AUTHOR = {Voevodsky, Vladimir},
     TITLE = {An experimental library of formalized mathematics based on the
              univalent foundations},
   JOURNAL = {Math. Structures Comput. Sci.},
     VOLUME = {25},
      YEAR = {2015},
    NUMBER = {5},
     PAGES = {1278--1294},
 }